@misc{b1,
title={POS Tagging Using RNN},
url={https://www.kaggle.com/tanyadayanand/pos-tagging-using-rnn/execution},
journal={Kaggle},
publisher={Kaggle},
author={Tanyadayanand},
year={2020},
month={Sep}
}

@misc{b2,
url={https://universaldependencies.org/},
journal={Universal Dependencies}
}

@misc{b3,
url={https://medium.com/@datamonsters/artificial-neural-networks-for-natural-language-processing-part-1-64ca9ebfa3b2},
journal={Medium}
}

@misc{b4,
url={https://medium.com/saarthi-ai/sentence-classification-using-convolutional-neural-networks-ddad72c7048c},
journal={Medium}
}

@article{b5,
  title={Accessing text corpora and lexical resources},
  author={Bird, S and Klein, E and Loper, E},
  journal={Natural Language Processing with Python},
  year={2009},
  publisher={Oâ€™Reilly Media, Inc.}
}

@inproceedings{b6,
    title = {Convolutional Neural Networks for Sentence Classification},
    author = {Kim, Yoon},
    booktitle = {Proceedings of the 2014 Conference on Empirical Methods in Natural Language Processing ({EMNLP})},
    month = {October},
    year = {2014},
    address = {Doha, Qatar},
    publisher = {Association for Computational Linguistics},
    url = {https://www.aclweb.org/anthology/D14-1181},
    doi = {10.3115/v1/D14-1181},
    pages = {1746--1751}
}

@article{b7,
  author = {L\^e D{\~u}ng Trang and Bernard Teissier},
   title = {Vari\'et\'es polaires locales et classes de {C}hern des vari\'et\'es singuli\`eres},
 journal = {Ann. of Math.},
  volume = {114},
    year = {1981},
   pages = {457--491}
}   

@article{b8,
  title={Text understanding from scratch},
  author={Zhang, Xiang and LeCun, Yann},
  journal={arXiv preprint arXiv:1502.01710},
  year={2015}
}

@inproceedings{b9,
    title = {Semantic Parsing via Staged Query Graph Generation: Question Answering with Knowledge Base},
    author = {Yih, Wen-tau and Chang, Ming-Wei and He, Xiaodong and Gao, Jianfeng},
    booktitle = "Proceedings of the 53rd Annual Meeting of the Association for Computational Linguistics and the 7th International Joint Conference on Natural Language Processing (Volume 1: Long Papers)},
    month = {July},
    year = {2015},
    address = {Beijing, China},
    publisher = {Association for Computational Linguistics},
    url = {https://www.aclweb.org/anthology/P15-1128},
    doi = {10.3115/v1/P15-1128",
    pages = {1321--1331}
}

@inproceedings{b10,
  title={Detecting semantically equivalent questions in online user forums},
  author={Bogdanova, Dasha and dos Santos, Cicero and Barbosa, Luciano and Zadrozny, Bianca},
  booktitle={Proceedings of the Nineteenth Conference on Computational Natural Language Learning},
  pages={123--131},
  year={2015}
}

@article{b11,
  title={Convolutional neural networks for speech recognition},
  author={Abdel-Hamid, Ossama and Mohamed, Abdel-rahman and Jiang, Hui and Deng, Li and Penn, Gerald and Yu, Dong},
  journal={IEEE/ACM Transactions on audio, speech, and language processing},
  volume={22},
  number={10},
  pages={1533--1545},
  year={2014},
  publisher={IEEE}
}

@article{b12,
  title={A sensitivity analysis of (and practitioners' guide to) convolutional neural networks for sentence classification},
  author={Zhang, Ye and Wallace, Byron},
  journal={arXiv preprint arXiv:1510.03820},
  year={2015}
}

@misc{b13,
    title={Gensim: topic modelling for humans},
    url="https://radimrehurek.com/gensim/auto\_examples/tutorials/run\_word2vec.html\#sphx-glr-auto-examples-tutorials-run-word2vec-py",
    journal={Word2Vec Model-gensim},
    year={2021},
    month={March}
}

@misc{b14,
    url={https://www.nltk.org/howto/corpus.html\#tagged-corpora},
    journal={Corpus Readers}
}

@misc{b15,
    title={Hidden Layer},
    url={https://deepai.org/machine-learning-glossary-and-terms/hidden-layer-machine-learning#:\~:text=In neural networks,a hidden,inputs entered into the network},
    journal={DeepAI},
    publisher={DeepAI},
    author={DeepAI},
    year={2019},
    month={May}
}

@misc{b16,
    url = {https://nlpforhackers.io/lstm-pos-tagger-keras/}
}

@misc{b17,
    url = "https://www.tensorflow.org/tutorials/text/word2vec"
}

@misc{b18,
    url = "https://www.nltk.org/nltk\_data"
}

@misc{b19,
    url = {https://universaldependencies.org/}
}
